
@book{foehn_rs_2020,
	address = {Switzerland},
	title = {{RS} {MINERVE} - {User}'s manual},
	publisher = {RS MINERVE Group},
	author = {Foehn, Alain and García Hernández, Javier and Roquier, Bastien and Fluixá Sanmartín, Javier and Paredes Arquiola, Javier and De Cesare, Giovanni},
	year = {2020},
	note = {ISSN 2673-2653},
}

@book{abbott_distributed_1996,
	address = {Dordrecht},
	series = {Water {Science} and {Technology} {Library}},
	title = {Distributed {Hydrological} {Modelling}},
	volume = {22},
	isbn = {978-94-010-6599-3 978-94-009-0257-2},
	url = {http://link.springer.com/10.1007/978-94-009-0257-2},
	urldate = {2022-04-06},
	publisher = {Springer Netherlands},
	editor = {Abbott, Michael B. and Refsgaard, Jens Christian},
	year = {1996},
	doi = {10.1007/978-94-009-0257-2},
}

@article{aghakouchak_application_2010,
	title = {Application of a {Conceptual} {Hydrologic} {Model} in {Teaching} {Hydrologic} {Processes}},
	volume = {26},
	journal = {International Journal of Engineering Education},
	author = {Aghakouchak, Amir and Habib, Emad H.},
	year = {2010},
	pages = {963--973},
}

@article{ajami_calibration_2004,
	title = {Calibration of a semi-distributed hydrologic model for streamflow estimation along a river system},
	volume = {298},
	issn = {00221694},
	url = {https://linkinghub.elsevier.com/retrieve/pii/S0022169404002410},
	doi = {10.1016/j.jhydrol.2004.03.033},
	language = {en},
	number = {1-4},
	urldate = {2022-04-06},
	journal = {Journal of Hydrology},
	author = {Ajami, Newsha K. and Gupta, Hoshin and Wagener, Thorsten and Sorooshian, Soroosh},
	month = oct,
	year = {2004},
	pages = {112--135},
	file = {Texte intégral:C\:\\Users\\javflu\\Zotero\\storage\\HLG4DMW3\\K. Ajami et al. - 2004 - Calibration of a semi-distributed hydrologic model.pdf:application/pdf},
}

@techreport{bergstrom_development_1976,
	address = {Norrköping, Sweden},
	type = {{SMHI} {Reports}},
	title = {Development and application of a conceptual runoff model for {Scandinavian} catchments},
	number = {RH No. 7},
	institution = {SMHI, Research Department, Hydrology},
	author = {Bergström, Sten},
	year = {1976},
	pages = {134},
}

@techreport{bergstrom_hbv_1992,
	address = {Norrköping, Sweden},
	type = {{SMHI} {Reports}},
	title = {The {HBV} model - its structure and applications},
	number = {RH No. 4},
	institution = {SMHI, Research Department, Hydrology},
	author = {Bergström, Sten},
	year = {1992},
	pages = {32},
}

@article{blasone_parameter_2007,
	title = {Parameter estimation in distributed hydrological modelling: comparison of global and local optimisation techniques},
	volume = {38},
	issn = {0029-1277, 2224-7955},
	shorttitle = {Parameter estimation in distributed hydrological modelling},
	url = {https://iwaponline.com/hr/article/38/4-5/451/1078/Parameter-estimation-in-distributed-hydrological},
	doi = {10.2166/nh.2007.024},
	language = {en},
	number = {4-5},
	urldate = {2022-04-06},
	journal = {Hydrology Research},
	author = {Blasone, R.-S. and Madsen, H. and Rosbjerg, Dan},
	month = aug,
	year = {2007},
	pages = {451--476},
	file = {Version soumise:C\:\\Users\\javflu\\Zotero\\storage\\ZX8RP67M\\Blasone et al. - 2007 - Parameter estimation in distributed hydrological m.pdf:application/pdf},
}

@techreport{boillat_polycopie_1980,
	title = {Polycopié "{Hydraulique} urbaine"},
	institution = {Laboratoire de Constructions Hydrauliques, Ecole Polytechnique Fédérale de Lausanne},
	author = {Boillat, J.-L.},
	year = {1980},
}

@book{burnash_generalized_1973,
	title = {A generalized streamflow simulation system : conceptual modeling for digital computers},
	language = {English},
	author = {Burnash, Ferral, R. Larry, , McGuire, Robert A., , Joint Federal-State River Forecast Center., United States., National Weather Service., California., Department of Water Resources., , Robert J. C.},
	year = {1973},
}

@incollection{burnash_nws_1995,
	address = {Colorado, USA},
	series = {Water {Resources} {Publication}},
	title = {The {NWS} {River} {Forecast} {System} - catchment modeling},
	url = {https://eurekamag.com/research/002/978/002978211.php},
	booktitle = {Computer models of watershed hydrology},
	publisher = {Singh, V.},
	author = {Burnash, R.J.C.},
	year = {1995},
	pages = {311--366},
}

@article{colebrook_experiments_1937,
	title = {Experiments with fluid friction in roughened pipes},
	volume = {161},
	issn = {0080-4630, 2053-9169},
	url = {https://royalsocietypublishing.org/doi/10.1098/rspa.1937.0150},
	doi = {10.1098/rspa.1937.0150},
	language = {en},
	number = {906},
	urldate = {2022-04-06},
	journal = {Proceedings of the Royal Society of London. Series A - Mathematical and Physical Sciences},
	author = {Colebrook, C.F. and White, C.M.},
	month = aug,
	year = {1937},
	pages = {367--381},
	file = {Texte intégral:C\:\\Users\\javflu\\Zotero\\storage\\QWVYVVGZ\\1937 - Experiments with fluid friction in roughened pipes.pdf:application/pdf},
}

@article{colebrook_turbulent_1939,
	title = {Turbulent flow in pipes, with particular reference to the transition region between smooth and rough pipe laws},
	volume = {11},
	issn = {0368-2455},
	url = {https://www.icevirtuallibrary.com/doi/10.1680/ijoti.1939.13150},
	doi = {10.1680/ijoti.1939.13150},
	language = {en},
	number = {4},
	urldate = {2022-04-06},
	journal = {Journal of the Institution of Civil Engineers},
	author = {Colebrook, C F},
	month = feb,
	year = {1939},
	pages = {133--156},
}

@article{consuegra_concepts_1998,
	title = {Concepts méthodologiques pour le calcul des crues. {Application} au bassin versant supérieur du {Rhône}},
	volume = {9/10},
	journal = {Wasser, Energie, Luft – eau, énergie, air},
	author = {Consuegra, D. and Niggli, M. and Musy, A.},
	year = {1998},
	pages = {223--231},
}

@article{cunge_subject_1969,
	title = {On {The} {Subject} {Of} {A} {Flood} {Propagation} {Computation} {Method} ({Musklngum} {Method})},
	volume = {7},
	issn = {0022-1686, 1814-2079},
	url = {http://www.tandfonline.com/doi/abs/10.1080/00221686909500264},
	doi = {10.1080/00221686909500264},
	language = {en},
	number = {2},
	urldate = {2022-04-06},
	journal = {Journal of Hydraulic Research},
	author = {Cunge, J. A.},
	month = jan,
	year = {1969},
	pages = {205--230},
}

@techreport{cunge_polycopie_1991,
	title = {Polycopié {Simulation} des écoulements non-permanents dans les rivières et canaux},
	institution = {Institut National Polytechnique de Grenoble, Ecole Nationale Supérieure d’Hydraulique et de Mécanique de Grenoble},
	author = {Cunge, J.A.},
	year = {1991},
}

@incollection{cressie_statistics_2015,
	address = {Hoboken, NJ, USA},
	title = {Statistics for {Spatial} {Data}},
	isbn = {978-1-119-11515-1 978-0-471-00255-0},
	url = {https://onlinelibrary.wiley.com/doi/10.1002/9781119115151.ch1},
	urldate = {2022-04-06},
	booktitle = {Statistics for {Spatial} {Data}},
	publisher = {John Wiley \& Sons, Inc.},
	author = {Cressie, Noel A. C.},
	month = apr,
	year = {2015},
	doi = {10.1002/9781119115151.ch1},
	pages = {1--26},
}

@book{darcy_recherches_1857,
	address = {Paris, France},
	edition = {Mallet-Bachelier},
	title = {Recherches {Expérimentales} {Relatives} au {Mouvement} de l’{Eau} dans les {Tuyaux}},
	author = {Darcy, H.},
	year = {1857},
}

@article{duan_effective_1992,
	title = {Effective and efficient global optimization for conceptual rainfall-runoff models},
	volume = {28},
	issn = {00431397},
	url = {http://doi.wiley.com/10.1029/91WR02985},
	doi = {10.1029/91WR02985},
	language = {en},
	number = {4},
	urldate = {2022-04-06},
	journal = {Water Resources Research},
	author = {Duan, Qingyun and Sorooshian, Soroosh and Gupta, Vijai},
	month = apr,
	year = {1992},
	pages = {1015--1031},
}

@article{duan_shuffled_1993,
	title = {Shuffled complex evolution approach for effective and efficient global minimization},
	volume = {76},
	issn = {0022-3239, 1573-2878},
	url = {http://link.springer.com/10.1007/BF00939380},
	doi = {10.1007/BF00939380},
	language = {en},
	number = {3},
	urldate = {2022-04-06},
	journal = {Journal of Optimization Theory and Applications},
	author = {Duan, Q. Y. and Gupta, V. K. and Sorooshian, S.},
	month = mar,
	year = {1993},
	pages = {501--521},
}

@article{duan_optimal_1994,
	title = {Optimal use of the {SCE}-{UA} global optimization method for calibrating watershed models},
	volume = {158},
	issn = {00221694},
	url = {https://linkinghub.elsevier.com/retrieve/pii/0022169494900574},
	doi = {10.1016/0022-1694(94)90057-4},
	language = {en},
	number = {3-4},
	urldate = {2022-04-06},
	journal = {Journal of Hydrology},
	author = {Duan, Qingyun and Sorooshian, Soroosh and Gupta, Vijai K.},
	month = jun,
	year = {1994},
	pages = {265--284},
}

@techreport{dubois_routing_2000,
	title = {Routing {System} - {Modélisation} du routage des crues dans des systèmes hydrauliques à surface libre},
	number = {Communication 9},
	institution = {Laboratoire de Constructions Hydrauliques, Ecole Polytechnique Fédérale de Lausanne},
	author = {Dubois, J. and Boillat, J.-L.},
	year = {2000},
}

@article{el-nasr_modelling_2005,
	title = {Modelling the hydrology of a catchment using a distributed and a semi-distributed model},
	volume = {19},
	issn = {0885-6087, 1099-1085},
	url = {https://onlinelibrary.wiley.com/doi/10.1002/hyp.5610},
	doi = {10.1002/hyp.5610},
	language = {en},
	number = {3},
	urldate = {2022-04-06},
	journal = {Hydrological Processes},
	author = {El-Nasr, Ahmed Abu and Arnold, Jeffrey G. and Feyen, Jan and Berlamont, Jean},
	month = feb,
	year = {2005},
	pages = {573--587},
}

@article{feyen_application_2000,
	title = {Application of a distributed physically-based hydrological model to a medium size catchment},
	volume = {4},
	issn = {1607-7938},
	url = {https://hess.copernicus.org/articles/4/47/2000/},
	doi = {10.5194/hess-4-47-2000},
	abstract = {Abstract. Physically based distributed models are rarely calibrated and validated thoroughly because of lack of data. In practice, validation is limited to comparison of simulated and predicted discharges in a catchment, or of simulated and observed piezometric levels in some calibrated wells. Rarely, internal noncalibrated wells or discharge stations are included in model evaluation. In this study, the fully distributed physically based MIKE SHE model was applied to the 600-km2 catchment of the Grote and the Kleine Gete, Belgium. Firstly, the MIKE SHE model was calibrated against both daily discharge measurements and observed water levels and then validated using a simple split-sample test. The observed discharges were simulated successfully in both the calibration and the validation period, while results for the piezometric levels differed considerably among the wells. In addition, a multi-site validation test for 2 internal discharge stations and 6 observation wells showed inferior results for the discharge stations and comparable results for the water table wells. As in the calibration and the split-sample test validation, water table fluctuations were predicted well in some wells, but with little agreement in others. This may be due to scale effects and to the poor quality of the data in certain areas of the catchment. Mainly, the lack of data made it difficult to simulate time series of internal catchment variables with acceptable accuracy so that even the calibrated and validated model could not provide reliable predictions of the water table over the entire catchment. Keywords: integral hydrological modelling; distributed code; MIKE-SHE; model performance; model calibration; model validation},
	language = {en},
	number = {1},
	urldate = {2022-04-06},
	journal = {Hydrology and Earth System Sciences},
	author = {Feyen, L. and Vázquez, R. and Christiaens, K. and Sels, O. and Feyen, J.},
	month = mar,
	year = {2000},
	pages = {47--63},
	file = {Texte intégral:C\:\\Users\\javflu\\Zotero\\storage\\6DIZ3N3H\\Feyen et al. - 2000 - Application of a distributed physically-based hydr.pdf:application/pdf},
}

@article{gabellani_propagation_2007,
	title = {Propagation of uncertainty from rainfall to runoff: {A} case study with a stochastic rainfall generator},
	volume = {30},
	issn = {03091708},
	shorttitle = {Propagation of uncertainty from rainfall to runoff},
	url = {https://linkinghub.elsevier.com/retrieve/pii/S030917080700053X},
	doi = {10.1016/j.advwatres.2006.11.015},
	language = {en},
	number = {10},
	urldate = {2022-04-06},
	journal = {Advances in Water Resources},
	author = {Gabellani, S. and Boni, G. and Ferraris, L. and von Hardenberg, J. and Provenzale, A.},
	month = oct,
	year = {2007},
	pages = {2061--2071},
}

@techreport{dubois_routing_2007,
	title = {Routing {System} {II}. {Flow} modelling in hydraulic systems},
	number = {Communication 32},
	institution = {Laboratoire de Constructions Hydrauliques, Ecole Polytechnique Fédérale de Lausanne},
	author = {Dubois, J. and Boillat, J.-L. and García Hernández, J.},
	year = {2007},
}

@phdthesis{garcia_hernandez_flood_2011,
	address = {Lausanne, Switzerland},
	type = {{PhD} {Thesis} {N}°5093},
	title = {Flood management in a complex river basin with a real-time decision support system based on hydrological forecasts},
	school = {Ecole Polytechnique Fédérale de Lausanne, EPFL},
	author = {García Hernández, Javier},
	year = {2011},
}

@book{gilks_markov_1995,
	edition = {0},
	title = {Markov {Chain} {Monte} {Carlo} in {Practice}},
	isbn = {978-1-4822-1497-0},
	url = {https://www.taylorfrancis.com/books/9781482214970},
	language = {en},
	urldate = {2022-04-06},
	publisher = {Chapman and Hall/CRC},
	editor = {Gilks, W.R. and Richardson, S. and Spiegelhalter, David},
	month = dec,
	year = {1995},
	doi = {10.1201/b14835},
}

@article{griessinger_assessing_2016,
	title = {Assessing the benefit of snow data assimilation for runoff modeling in {Alpine} catchments},
	volume = {20},
	issn = {1607-7938},
	url = {https://hess.copernicus.org/articles/20/3895/2016/},
	doi = {10.5194/hess-20-3895-2016},
	language = {en},
	number = {9},
	urldate = {2022-04-06},
	journal = {Hydrology and Earth System Sciences},
	author = {Griessinger, Nena and Seibert, Jan and Magnusson, Jan and Jonas, Tobias},
	month = sep,
	year = {2016},
	pages = {3895--3905},
	file = {Texte intégral:C\:\\Users\\javflu\\Zotero\\storage\\KNG4X6A5\\Griessinger et al. - 2016 - Assessing the benefit of snow data assimilation fo.pdf:application/pdf},
}

@article{gupta_decomposition_2009,
	title = {Decomposition of the mean squared error and {NSE} performance criteria: {Implications} for improving hydrological modelling},
	volume = {377},
	issn = {00221694},
	shorttitle = {Decomposition of the mean squared error and {NSE} performance criteria},
	url = {https://linkinghub.elsevier.com/retrieve/pii/S0022169409004843},
	doi = {10.1016/j.jhydrol.2009.08.003},
	language = {en},
	number = {1-2},
	urldate = {2022-04-06},
	journal = {Journal of Hydrology},
	author = {Gupta, Hoshin V. and Kling, Harald and Yilmaz, Koray K. and Martinez, Guillermo F.},
	month = oct,
	year = {2009},
	pages = {80--91},
	file = {Version soumise:C\:\\Users\\javflu\\Zotero\\storage\\5936TY7B\\Gupta et al. - 2009 - Decomposition of the mean squared error and NSE pe.pdf:application/pdf},
}

@article{hamdi_modeprevision_2005,
	title = {Un modèle de prévision hydro-météorologique pour les crues du {Rhône} supérieur en {Suisse}},
	journal = {Wasser, Energie and Luft},
	author = {Hamdi, Y and Hingray, B and Musy, A},
	year = {2005},
	pages = {325--332},
	file = {Hamdietal.2005.WEL.doc:C\:\\Users\\javflu\\Zotero\\storage\\6LY5ULQC\\Hamdietal.2005.WEL.doc:application/msword},
}

@article{hapuarachchi_application_2001,
	title = {Application of {SCE}-{UA} {Method} for {Calibrating} the {Xinanjiang} {Watershed} {Model}},
	volume = {12},
	number = {4},
	journal = {Journal of Lake Sciences},
	author = {Hapuarachchi, H. A. Prasantha and Li, Zhijia and Wang, Shouhui},
	year = {2001},
	pages = {304--314},
}

@article{heppner_adding_2006,
	title = {Adding sediment transport to the integrated hydrology model ({InHM}): {Development} and testing},
	volume = {29},
	issn = {03091708},
	shorttitle = {Adding sediment transport to the integrated hydrology model ({InHM})},
	url = {https://linkinghub.elsevier.com/retrieve/pii/S0309170805002095},
	doi = {10.1016/j.advwatres.2005.08.003},
	language = {en},
	number = {6},
	urldate = {2022-04-06},
	journal = {Advances in Water Resources},
	author = {Heppner, Christopher S. and Ran, Qihua and VanderKwaak, Joel E. and Loague, Keith},
	month = jun,
	year = {2006},
	pages = {930--943},
}

@article{jeremiah_efficient_2012,
	title = {Efficient hydrological model parameter optimization with {Sequential} {Monte} {Carlo} sampling},
	volume = {38},
	issn = {13648152},
	url = {https://linkinghub.elsevier.com/retrieve/pii/S1364815212001934},
	doi = {10.1016/j.envsoft.2012.07.001},
	language = {en},
	urldate = {2022-04-06},
	journal = {Environmental Modelling \& Software},
	author = {Jeremiah, Erwin and Sisson, Scott A. and Sharma, Ashish and Marshall, Lucy},
	month = dec,
	year = {2012},
	pages = {283--295},
}

@incollection{johnson_14_1994,
	address = {New York, USA},
	title = {14: {Lognormal} {Distributions}},
	isbn = {978-0-471-58495-7},
	booktitle = {Continuous univariate distributions. {Vol}. 1},
	publisher = {John Wiley \& Sons},
	author = {Johnson, N.L. and Kotz, S. and Balakrishnan, N.},
	year = {1994},
}

@phdthesis{jordan_modeprevision_2007,
	address = {Lausanne, Switzerland},
	type = {{PhD} {Thesis} {N}°3711},
	title = {Modèle de prévision et de gestion des crues - optimisation des opérations des aménagements hydroélectriques à accumulation pour la réduction des débits de crue},
	school = {Ecole Polytechnique Fédérale de Lausanne, EPFL},
	author = {Jordan, F.},
	year = {2007},
}

@article{kagan_characterization_1967,
	title = {Characterization of normal law by a property of the non-central χ²-distribution},
	volume = {7},
	issn = {2669-1973},
	url = {https://www.journals.vu.lt/LMJ/article/view/19934},
	doi = {10.15388/LMJ.1967.19934},
	abstract = {The abstracts (in two languages) can be found in the pdf file of the article.
Original author name(s) and title in Russian and Lithuanian:
А. М. Каган, О. В. Шалаевский. Характеризация нормального закона свойством нецентрального хи-квадрат распределения
A. Kaganas, O. Šalajevskis. Normalinio dėsnio charakterizavimas necentrinio χ²-pasiskirstymo savybės pagalba},
	number = {1},
	urldate = {2022-04-06},
	journal = {Lithuanian Mathematical Journal},
	author = {Kagan, A. and Shalaevsky, O.},
	month = mar,
	year = {1967},
	pages = {57--58},
	file = {Texte intégral:C\:\\Users\\javflu\\Zotero\\storage\\DAPFCZBQ\\Kagan et Shalaevsky - 1967 - Characterization of normal law by a property of th.pdf:application/pdf},
}

@article{kamali_comparison_2013,
	title = {Comparison of several heuristic approaches to calibration of {WATCLASS} hydrologic model},
	volume = {38},
	issn = {0701-1784, 1918-1817},
	url = {http://www.tandfonline.com/doi/abs/10.1080/07011784.2013.774154},
	doi = {10.1080/07011784.2013.774154},
	language = {en},
	number = {1},
	urldate = {2022-04-06},
	journal = {Canadian Water Resources Journal},
	author = {Kamali, M. and Ponnambalam, K. and Soulis, E.D.},
	month = mar,
	year = {2013},
	pages = {40--46},
}

@article{kang_rosenbrock_2011,
	title = {Rosenbrock artificial bee colony algorithm for accurate global optimization of numerical functions},
	volume = {181},
	issn = {00200255},
	url = {https://linkinghub.elsevier.com/retrieve/pii/S0020025511001988},
	doi = {10.1016/j.ins.2011.04.024},
	language = {en},
	number = {16},
	urldate = {2022-04-06},
	journal = {Information Sciences},
	author = {Kang, Fei and Li, Junjie and Ma, Zhenyue},
	month = aug,
	year = {2011},
	pages = {3508--3531},
}

@article{kling_runoff_2012,
	title = {Runoff conditions in the upper {Danube} basin under an ensemble of climate change scenarios},
	volume = {424-425},
	issn = {00221694},
	url = {https://linkinghub.elsevier.com/retrieve/pii/S0022169412000431},
	doi = {10.1016/j.jhydrol.2012.01.011},
	language = {en},
	urldate = {2022-04-06},
	journal = {Journal of Hydrology},
	author = {Kling, Harald and Fuchs, Martin and Paulin, Maria},
	month = mar,
	year = {2012},
	pages = {264--277},
}

@article{krause_comparison_2005,
	title = {Comparison of different efficiency criteria for hydrological model assessment},
	volume = {5},
	issn = {1680-7359},
	url = {https://adgeo.copernicus.org/articles/5/89/2005/},
	doi = {10.5194/adgeo-5-89-2005},
	language = {en},
	urldate = {2022-04-06},
	journal = {Advances in Geosciences},
	author = {Krause, P. and Boyle, D. P. and Bäse, F.},
	month = dec,
	year = {2005},
	pages = {89--97},
	file = {Texte intégral:C\:\\Users\\javflu\\Zotero\\storage\\TBBVT7LK\\Krause et al. - 2005 - Comparison of different efficiency criteria for hy.pdf:application/pdf},
}

@inproceedings{lin_pareto_2008,
	address = {Jinan, Shandong, China},
	title = {A {Pareto} {Strength} {SCE}-{UA} {Algorithm} for {Reservoir} {Optimization} {Operation}},
	isbn = {978-0-7695-3304-9},
	url = {http://ieeexplore.ieee.org/document/4666878/},
	doi = {10.1109/ICNC.2008.84},
	urldate = {2022-04-06},
	booktitle = {2008 {Fourth} {International} {Conference} on {Natural} {Computation}},
	publisher = {IEEE},
	author = {Lin, Jian-Yi and Cheng, Chun-Tian and Lin, Tao},
	year = {2008},
	pages = {406--412},
}

@book{liu_monte_2004,
	address = {New York, NY},
	series = {Springer {Series} in {Statistics}},
	title = {Monte {Carlo} {Strategies} in {Scientific} {Computing}},
	isbn = {978-0-387-76369-9 978-0-387-76371-2},
	url = {http://link.springer.com/10.1007/978-0-387-76371-2},
	urldate = {2022-04-06},
	publisher = {Springer New York},
	author = {Liu, Jun S.},
	year = {2004},
	doi = {10.1007/978-0-387-76371-2},
}

@article{magnusson_assimilation_2014,
	title = {Assimilation of point {SWE} data into a distributed snow cover model comparing two contrasting methods},
	volume = {50},
	issn = {00431397},
	url = {http://doi.wiley.com/10.1002/2014WR015302},
	doi = {10.1002/2014WR015302},
	language = {en},
	number = {10},
	urldate = {2022-04-06},
	journal = {Water Resources Research},
	author = {Magnusson, Jan and Gustafsson, David and Hüsler, Fabia and Jonas, Tobias},
	month = oct,
	year = {2014},
	pages = {7816--7835},
	file = {Texte intégral:C\:\\Users\\javflu\\Zotero\\storage\\EH3WX52Z\\Magnusson et al. - 2014 - Assimilation of point SWE data into a distributed .pdf:application/pdf},
}

@article{manzato_note_2007,
	title = {A {Note} {On} the {Maximum} {Peirce} {Skill} {Score}},
	volume = {22},
	issn = {1520-0434, 0882-8156},
	url = {https://journals.ametsoc.org/doi/10.1175/WAF1041.1},
	doi = {10.1175/WAF1041.1},
	language = {en},
	number = {5},
	urldate = {2022-04-06},
	journal = {Weather and Forecasting},
	author = {Manzato, Agostino},
	month = oct,
	year = {2007},
	pages = {1148--1154},
}

@article{mariani_hybrid_2011,
	title = {A hybrid shuffled complex evolution approach based on differential evolution for unconstrained optimization},
	volume = {217},
	issn = {00963003},
	url = {https://linkinghub.elsevier.com/retrieve/pii/S009630031001266X},
	doi = {10.1016/j.amc.2010.12.064},
	language = {en},
	number = {12},
	urldate = {2022-04-06},
	journal = {Applied Mathematics and Computation},
	author = {Mariani, Viviana Cocco and Justi Luvizotto, Luiz Guilherme and Guerra, Fábio Alessandro and dos Santos Coelho, Leandro},
	month = feb,
	year = {2011},
	pages = {5822--5829},
}

@article{masmoudi_performance_1993,
	title = {The performance of some real-time statistical flood forecasting models seen through multicriteria analysis},
	volume = {7},
	issn = {0920-4741, 1573-1650},
	url = {http://link.springer.com/10.1007/BF00872242},
	doi = {10.1007/BF00872242},
	language = {en},
	number = {1},
	urldate = {2022-04-06},
	journal = {Water Resources Management},
	author = {Masmoudi, M. and Habaieb, H.},
	year = {1993},
	pages = {57--67},
}

@techreport{mcguinness_comparison_1972,
	type = {Technical {Bulletins}},
	title = {A {Comparison} of {Lysimeter}-{Derived} {Potential} {Evapotranspiration} {With} {Computed} {Values}},
	url = {https://EconPapers.repec.org/RePEc:ags:uerstb:171893},
	number = {171893},
	institution = {United States Department of Agriculture, Economic Research Service},
	author = {McGuinness, J. L. and Bordne, Erich F.},
	year = {1972},
	keywords = {Crop Production/Industries, Production Economics},
}

@article{mckay_comparison_1979,
	title = {A {Comparison} of {Three} {Methods} for {Selecting} {Values} of {Input} {Variables} in the {Analysis} of {Output} from a {Computer} {Code}},
	volume = {21},
	issn = {00401706},
	url = {https://www.jstor.org/stable/1268522?origin=crossref},
	doi = {10.2307/1268522},
	number = {2},
	urldate = {2022-04-07},
	journal = {Technometrics},
	author = {McKay, M. D. and Beckman, R. J. and Conover, W. J.},
	month = may,
	year = {1979},
	pages = {239},
}

@techreport{metcalf__eddy_storm_1971,
	address = {Gainesville, Florida},
	title = {Storm {Water} {Management} {Model}, {Vol}. {I} - {Final} {Report}},
	institution = {University of Florida},
	author = {Metcalf \& Eddy, Inc.},
	year = {1971},
	note = {Contract no. 14-2-501 project no. 11024EBI, Contract no. 14-12-502 project no. 11024DOC, Contract no. 14-12-503 project no. 11024EBJ},
	pages = {338},
}

@article{moriasi_model_2007,
	title = {Model {Evaluation} {Guidelines} for {Systematic} {Quantification} of {Accuracy} in {Watershed} {Simulations}},
	volume = {50},
	issn = {2151-0040},
	url = {http://elibrary.asabe.org/abstract.asp??JID=3&AID=23153&CID=t2007&v=50&i=3&T=1},
	doi = {10.13031/2013.23153},
	language = {en},
	number = {3},
	urldate = {2022-04-07},
	journal = {Transactions of the ASABE},
	author = {Moriasi, D.N. and Arnold, J.G. and Van Liew, M.W. and Bingner, R.L. and Harmel, R.D. and Veith, T.L.},
	year = {2007},
	pages = {885--900},
}

@article{muttil_superior_2004,
	title = {Superior {Exploration}–{Exploitation} {Balance} in {Shuffled} {Complex} {Evolution}},
	volume = {130},
	issn = {0733-9429, 1943-7900},
	url = {http://ascelibrary.org/doi/10.1061/%28ASCE%290733-9429%282004%29130%3A12%281202%29},
	doi = {10.1061/(ASCE)0733-9429(2004)130:12(1202)},
	language = {en},
	number = {12},
	urldate = {2022-04-07},
	journal = {Journal of Hydraulic Engineering},
	author = {Muttil, Nitin and Liong, Shie-Yui},
	month = dec,
	year = {2004},
	pages = {1202--1205},
}

@article{nash_river_1970,
	title = {River flow forecasting through conceptual models part {I} — {A} discussion of principles},
	volume = {10},
	issn = {00221694},
	url = {https://linkinghub.elsevier.com/retrieve/pii/0022169470902556},
	doi = {10.1016/0022-1694(70)90255-6},
	language = {en},
	number = {3},
	urldate = {2022-04-07},
	journal = {Journal of Hydrology},
	author = {Nash, J.E. and Sutcliffe, J.V.},
	month = apr,
	year = {1970},
	pages = {282--290},
}

@article{nelder_simplex_1965,
	title = {A {Simplex} {Method} for {Function} {Minimization}},
	volume = {7},
	issn = {0010-4620, 1460-2067},
	url = {https://academic.oup.com/comjnl/article-lookup/doi/10.1093/comjnl/7.4.308},
	doi = {10.1093/comjnl/7.4.308},
	language = {en},
	number = {4},
	urldate = {2022-04-07},
	journal = {The Computer Journal},
	author = {Nelder, J. A. and Mead, R.},
	month = jan,
	year = {1965},
	pages = {308--313},
}

@article{nobrega_uncertainty_2011,
	title = {Uncertainty in climate change impacts on water resources in the {Rio} {Grande} {Basin}, {Brazil}},
	volume = {15},
	issn = {1607-7938},
	url = {https://hess.copernicus.org/articles/15/585/2011/},
	doi = {10.5194/hess-15-585-2011},
	language = {en},
	number = {2},
	urldate = {2022-04-07},
	journal = {Hydrology and Earth System Sciences},
	author = {Nóbrega, M. T. and Collischonn, W. and Tucci, C. E. M. and Paz, A. R.},
	month = feb,
	year = {2011},
	pages = {585--595},
	file = {Texte intégral:C\:\\Users\\javflu\\Zotero\\storage\\9YYULVL5\\Nóbrega et al. - 2011 - Uncertainty in climate change impacts on water res.pdf:application/pdf},
}

@phdthesis{oudin_recherche_2004,
	type = {{PhD} {Thesis}},
	title = {Recherche d'un modèle d'évapotranspiration potentielle pertinent comme entrée d'un modèle pluie-débit global},
	school = {Ecole Nationale du Génie Rural, des Eaux et des Forêts, Paris},
	author = {Oudin, L.},
	year = {2004},
}

@article{parajka_spatio-temporal_2008,
	title = {Spatio-temporal combination of {MODIS} images - potential for snow cover mapping: {SPATIO}-{TEMPORAL} {COMBINATION} {OF} {MODIS} {IMAGES}},
	volume = {44},
	issn = {00431397},
	shorttitle = {Spatio-temporal combination of {MODIS} images - potential for snow cover mapping},
	url = {http://doi.wiley.com/10.1029/2007WR006204},
	doi = {10.1029/2007WR006204},
	language = {en},
	number = {3},
	urldate = {2022-04-07},
	journal = {Water Resources Research},
	author = {Parajka, J. and Blöschl, G.},
	month = mar,
	year = {2008},
}

@article{park_maximum_2009,
	title = {Maximum entropy autoregressive conditional heteroskedasticity model},
	volume = {150},
	issn = {03044076},
	url = {https://linkinghub.elsevier.com/retrieve/pii/S0304407608002200},
	doi = {10.1016/j.jeconom.2008.12.014},
	language = {en},
	number = {2},
	urldate = {2022-04-07},
	journal = {Journal of Econometrics},
	author = {Park, Sung Y. and Bera, Anil K.},
	month = jun,
	year = {2009},
	pages = {219--230},
}

@article{peirce_numerical_1884,
	title = {The {Numerical} {Measure} of the {Success} of {Predictions}},
	volume = {ns-4},
	issn = {0036-8075, 1095-9203},
	url = {https://www.science.org/doi/10.1126/science.ns-4.93.453.b},
	doi = {10.1126/science.ns-4.93.453.b},
	language = {en},
	number = {93},
	urldate = {2022-04-07},
	journal = {Science},
	author = {Peirce, C. S.},
	month = nov,
	year = {1884},
	pages = {453--454},
}

@article{perrin_improvement_2003,
	title = {Improvement of a parsimonious model for streamflow simulation},
	volume = {279},
	issn = {00221694},
	url = {https://linkinghub.elsevier.com/retrieve/pii/S0022169403002257},
	doi = {10.1016/S0022-1694(03)00225-7},
	language = {en},
	number = {1-4},
	urldate = {2022-04-07},
	journal = {Journal of Hydrology},
	author = {Perrin, Charles and Michel, Claude and Andréassian, Vazken},
	month = aug,
	year = {2003},
	pages = {275--289},
}

@book{prakasa_rao_identifiability_1992,
	address = {Boston},
	series = {Probability and mathematical statistics},
	title = {Identifiability in stochastic models : characterization of probability distributions},
	isbn = {0-12-564015-3},
	language = {eng},
	publisher = {Academic Press},
	author = {Prakasa Rao, B. L. S.},
	year = {1992},
	lccn = {91040038},
	keywords = {Distribution (Probability theory)},
}

@article{rosenbrock_automatic_1960,
	title = {An {Automatic} {Method} for {Finding} the {Greatest} or {Least} {Value} of a {Function}},
	volume = {3},
	issn = {0010-4620, 1460-2067},
	url = {https://academic.oup.com/comjnl/article-lookup/doi/10.1093/comjnl/3.3.175},
	doi = {10.1093/comjnl/3.3.175},
	language = {en},
	number = {3},
	urldate = {2022-04-07},
	journal = {The Computer Journal},
	author = {Rosenbrock, H. H.},
	month = mar,
	year = {1960},
	pages = {175--184},
	file = {Texte intégral:C\:\\Users\\javflu\\Zotero\\storage\\QWCXNHYB\\Rosenbrock - 1960 - An Automatic Method for Finding the Greatest or Le.pdf:application/pdf},
}

@article{schaefli_conceptual_2005,
	title = {A conceptual glacio-hydrological model for high mountainous catchments},
	volume = {9},
	issn = {1607-7938},
	url = {https://hess.copernicus.org/articles/9/95/2005/},
	doi = {10.5194/hess-9-95-2005},
	language = {en},
	number = {1/2},
	urldate = {2022-04-07},
	journal = {Hydrology and Earth System Sciences},
	author = {Schaefli, B. and Hingray, B. and Niggli, M. and Musy, A.},
	month = jul,
	year = {2005},
	pages = {95--109},
	file = {Texte intégral:C\:\\Users\\javflu\\Zotero\\storage\\C4EN7TDX\\Schaefli et al. - 2005 - A conceptual glacio-hydrological model for high mo.pdf:application/pdf},
}

@book{soil_conservation_service_scs_national_1972,
	address = {Washington, D.C.},
	title = {National {Engineering} {Handbook}, {Section} 4: {Hydrology}},
	publisher = {U.S. Dept. of Agriculture},
	author = {Soil Conservation Service (SCS)},
	year = {1972},
}

@article{seibert_estimation_1997,
	title = {Estimation of {Parameter} {Uncertainty} in the {HBV} {Model}},
	volume = {28},
	issn = {0029-1277, 2224-7955},
	url = {https://iwaponline.com/hr/article/28/4-5/247/31640/Estimation-of-Parameter-Uncertainty-in-the-HBV},
	doi = {10.2166/nh.1998.15},
	language = {en},
	number = {4-5},
	urldate = {2022-04-07},
	journal = {Hydrology Research},
	author = {Seibert, Jan},
	month = aug,
	year = {1997},
	pages = {247--262},
	file = {Texte intégral:C\:\\Users\\javflu\\Zotero\\storage\\D9BLIDH2\\Seibert - 1997 - Estimation of Parameter Uncertainty in the HBV Mod.pdf:application/pdf},
}

@inproceedings{shepard_two-dimensional_1968,
	address = {Not Known},
	title = {A two-dimensional interpolation function for irregularly-spaced data},
	url = {http://portal.acm.org/citation.cfm?doid=800186.810616},
	doi = {10.1145/800186.810616},
	language = {en},
	urldate = {2022-04-07},
	booktitle = {Proceedings of the 1968 23rd {ACM} national conference on   -},
	publisher = {ACM Press},
	author = {Shepard, Donald},
	year = {1968},
	pages = {517--524},
}

@article{simmons_henry_2008,
	title = {Henry {Darcy} (1803–1858): {Immortalised} by his scientific legacy},
	volume = {16},
	issn = {1431-2174, 1435-0157},
	shorttitle = {Henry {Darcy} (1803–1858)},
	url = {http://link.springer.com/10.1007/s10040-008-0304-3},
	doi = {10.1007/s10040-008-0304-3},
	language = {en},
	number = {6},
	urldate = {2022-04-07},
	journal = {Hydrogeology Journal},
	author = {Simmons, Craig T.},
	month = sep,
	year = {2008},
	pages = {1023},
}

@article{slater_snow_2006,
	title = {Snow {Data} {Assimilation} via an {Ensemble} {Kalman} {Filter}},
	volume = {7},
	issn = {1525-7541, 1525-755X},
	url = {http://journals.ametsoc.org/doi/10.1175/JHM505.1},
	doi = {10.1175/JHM505.1},
	language = {en},
	number = {3},
	urldate = {2022-04-07},
	journal = {Journal of Hydrometeorology},
	author = {Slater, Andrew G. and Clark, Martyn P.},
	month = jun,
	year = {2006},
	pages = {478--493},
}

@book{chiu_stochastic_2013,
	edition = {1},
	series = {Wiley {Series} in {Probability} and {Statistics}},
	title = {Stochastic {Geometry} and its {Applications}},
	isbn = {978-0-470-66481-0 978-1-118-65822-2},
	url = {https://onlinelibrary.wiley.com/doi/book/10.1002/9781118658222},
	language = {en},
	urldate = {2022-04-07},
	publisher = {Wiley},
	editor = {Chiu, Sung Nok and Stoyan, Dietrich and Kendall, Wilfrid S. and Mecke, Joseph},
	month = aug,
	year = {2013},
	doi = {10.1002/9781118658222},
}

@article{sun_flood_2000,
	title = {Flood estimation using radar and raingauge data},
	volume = {239},
	issn = {00221694},
	url = {https://linkinghub.elsevier.com/retrieve/pii/S0022169400003504},
	doi = {10.1016/S0022-1694(00)00350-4},
	language = {en},
	number = {1-4},
	urldate = {2022-04-07},
	journal = {Journal of Hydrology},
	author = {Sun, X. and Mein, R.G. and Keenan, T.D. and Elliott, J.F.},
	month = dec,
	year = {2000},
	pages = {4--18},
}

@inproceedings{turc_bilan_1955,
	series = {Journées de l'hydraulique},
	title = {Le bilan d’eau des sols : relations entre les précipitations, l’évaporation et l’écoulement},
	url = {https://www.persee.fr/doc/jhydr_0000-0001_1955_act_3_1_3278},
	booktitle = {Pluie, évaporation, filtration et écoulement. {Compte} rendu des troisièmes journées de l'hydraulique, {Alger}, 12-14 avril 1954. {Tome} 1, 1955.},
	author = {Turc, L.},
	year = {1955},
	annote = {Included in a thematic issue : Pluie, évaporation, filtration et écoulement. Compte rendu des troisièmes journées de l'hydraulique, Alger, 12-14 avril 1954},
}

@article{turc_evaluation_1961,
	address = {Paris, France},
	edition = {INRA},
	title = {Evaluation des besoins en eau d’irrigation, formule climatique simplifiée et mise à jour},
	journal = {Annales Agronomiques},
	author = {Turc, L.},
	year = {1961},
	pages = {13--49},
}

@article{van_griensven_global_2006,
	title = {A global sensitivity analysis tool for the parameters of multi-variable catchment models},
	volume = {324},
	issn = {00221694},
	url = {https://linkinghub.elsevier.com/retrieve/pii/S0022169405004488},
	doi = {10.1016/j.jhydrol.2005.09.008},
	language = {en},
	number = {1-4},
	urldate = {2022-04-07},
	journal = {Journal of Hydrology},
	author = {van Griensven, A. and Meixner, T. and Grunwald, S. and Bishop, T. and Diluzio, M. and Srinivasan, R.},
	month = jun,
	year = {2006},
	pages = {10--23},
}

@article{viviroli_continuous_2009,
	title = {Continuous simulation for flood estimation in ungauged mesoscale catchments of {Switzerland} – {Part} {II}: {Parameter} regionalisation and flood estimation results},
	volume = {377},
	issn = {00221694},
	shorttitle = {Continuous simulation for flood estimation in ungauged mesoscale catchments of {Switzerland} – {Part} {II}},
	url = {https://linkinghub.elsevier.com/retrieve/pii/S0022169409005186},
	doi = {10.1016/j.jhydrol.2009.08.022},
	language = {en},
	number = {1-2},
	urldate = {2022-04-07},
	journal = {Journal of Hydrology},
	author = {Viviroli, Daniel and Mittelbach, Heidi and Gurtz, Joachim and Weingartner, Rolf},
	month = oct,
	year = {2009},
	pages = {208--225},
}

@article{vrugt_effective_2003,
	title = {Effective and efficient algorithm for multiobjective optimization of hydrologic models},
	volume = {39},
	issn = {00431397},
	shorttitle = {Effective and efficient algorithm for multiobjective optimization of hydrologic models},
	url = {http://doi.wiley.com/10.1029/2002WR001746},
	doi = {10.1029/2002WR001746},
	language = {en},
	number = {8},
	urldate = {2022-04-07},
	journal = {Water Resources Research},
	author = {Vrugt, Jasper A. and Gupta, Hoshin V. and Bastidas, Luis A. and Bouten, Willem and Sorooshian, Soroosh},
	month = aug,
	year = {2003},
	file = {Texte intégral:C\:\\Users\\javflu\\Zotero\\storage\\Z8SR8V4P\\Vrugt et al. - 2003 - Effective and efficient algorithm for multiobjecti.pdf:application/pdf},
}

@article{wang_development_2010,
	title = {Development of an integrated modeling system for improved multi-objective reservoir operation},
	volume = {4},
	issn = {1673-7407, 1673-7512},
	url = {http://link.springer.com/10.1007/s11709-010-0001-x},
	doi = {10.1007/s11709-010-0001-x},
	language = {en},
	number = {1},
	urldate = {2022-04-07},
	journal = {Frontiers of Architecture and Civil Engineering in China},
	author = {Wang, Lei and Nyunt, Cho Thanda and Koike, Toshio and Saavedra, Oliver and Nguyen, Lan Chau and van Sap, Tran},
	month = mar,
	year = {2010},
	pages = {47--55},
}

@article{wang_monthly_2011,
	title = {Monthly versus daily water balance models in simulating monthly runoff},
	volume = {404},
	issn = {00221694},
	url = {https://linkinghub.elsevier.com/retrieve/pii/S0022169411002794},
	doi = {10.1016/j.jhydrol.2011.04.027},
	language = {en},
	number = {3-4},
	urldate = {2022-04-07},
	journal = {Journal of Hydrology},
	author = {Wang, Q.J. and Pagano, T.C. and Zhou, S.L. and Hapuarachchi, H.A.P. and Zhang, L. and Robertson, D.E.},
	month = jul,
	year = {2011},
	pages = {166--175},
}

@inproceedings{zhu_application_2006,
	title = {Application of {SCE}-{UA} to {Optimize} the {Management} {Model} of {Groundwater} {Resources} in {Deep} {Aquifers} of the {Yangtze} {Delta}},
	volume = {2},
	doi = {10.1109/IMSCCS.2006.192},
	booktitle = {First {International} {Multi}-{Symposiums} on {Computer} and {Computational} {Sciences} ({IMSCCS}'06)},
	author = {Zhu, Xiaobin and Wu, Jichun and Wu, Jianfeng},
	year = {2006},
	pages = {303--308},
}

@techreport{garcia_hernandez_routing_2007,
	title = {Routing {System} {II}. {Flow} modelling in hydraulic systems},
	number = {Communication 32},
	institution = {Laboratoire de Constructions Hydrauliques, Ecole Polytechnique Fédérale de Lausanne},
	author = {García Hernández, J. and Jordan, F. and Dubois, J. and Boillat, J.-L.},
	year = {2007},
}

@techreport{mcguinness1972,
	title = {A Comparison of Lysimeter-Derived Potential Evapotranspiration With Computed Values},
	author = {McGuinness, J. L. and Bordne, Erich F.},
	year = {1972},
	date = {1972},
	url = {https://EconPapers.repec.org/RePEc:ags:uerstb:171893}
}
